<record xmlns="http://www.loc.gov/MARC21/slim" xmlns:xsi="http://www.w3.org/2001/XMLSchema-instance" xsi:schemaLocation="http://www.loc.gov/MARC21/slim http://www.loc.gov/standards/marcxml/schema/MARC21slim.xsd"><leader>02162nam a2200397   4500</leader><controlfield tag="001">1676601</controlfield><controlfield tag="003">NIC</controlfield><controlfield tag="006">m        d        </controlfield><controlfield tag="007">cr cn |||m|||a</controlfield><controlfield tag="008">150222s1911    ua a    o     000 1 ara d</controlfield><datafield ind1=" " ind2=" " tag="040"><subfield code="a">NNU</subfield><subfield code="b">eng</subfield><subfield code="c">NNU</subfield></datafield><datafield ind1=" " ind2=" " tag="043"><subfield code="a">a-tu---</subfield></datafield><datafield ind1="1" ind2=" " tag="100"><subfield code="6">880-01</subfield><subfield code="a">Zayda&#772;n, Jirji&#772;,</subfield><subfield code="d">1861-1914.</subfield></datafield><datafield ind1="1" ind2="3" tag="245"><subfield code="6">880-02</subfield><subfield code="a">al-Inqila&#772;b al-&#699;Uthma&#772;ni&#772;</subfield><subfield code="h">[electronic resource] :</subfield><subfield code="b">riwa&#772;yah ghara&#772;mi&#772;yah ta&#772;ri&#772;khi&#772;yah /</subfield><subfield code="c">ta&#700;li&#772;f Jirji&#772; Zayda&#772;n.</subfield></datafield><datafield ind1=" " ind2=" " tag="260"><subfield code="6">880-03</subfield><subfield code="a">[S.l. :</subfield><subfield code="b">s.n],</subfield><subfield code="c">1911</subfield><subfield code="e">(al-Qa&#772;hirah :</subfield><subfield code="f">Mat&#803;ba&#699;at al-Hila&#772;l)</subfield></datafield><datafield ind1=" " ind2=" " tag="300"><subfield code="a">online resource (206 p.) :</subfield><subfield code="b">ill.</subfield></datafield><datafield ind1="1" ind2=" " tag="490"><subfield code="6">880-04</subfield><subfield code="a">Silsilat riwaya&#772;t ta&#772;ri&#772;kh al-Isla&#772;m</subfield></datafield><datafield ind1=" " ind2=" " tag="500"><subfield code="a">Part of the Arabic Collections Online (ACO) project, contributed by Cornell University Libraries.</subfield></datafield><datafield ind1=" " ind2=" " tag="533"><subfield code="a">Electronic reproduction.</subfield><subfield code="b">New York, N.Y. :</subfield><subfield code="c">New York University,</subfield><subfield code="d">2015.</subfield><subfield code="5">NNU</subfield></datafield><datafield ind1=" " ind2="0" tag="651"><subfield code="a">Turkey</subfield><subfield code="x">History</subfield><subfield code="x">Fiction.</subfield></datafield><datafield ind1=" " ind2="7" tag="651"><subfield code="a">Turkey.</subfield><subfield code="2">fast</subfield><subfield code="0">(OCoLC)fst01208963</subfield></datafield><datafield ind1=" " ind2="7" tag="655"><subfield code="a">Fiction.</subfield><subfield code="2">fast</subfield><subfield code="0">(OCoLC)fst01423787</subfield></datafield><datafield ind1=" " ind2="7" tag="655"><subfield code="a">History.</subfield><subfield code="2">fast</subfield><subfield code="0">(OCoLC)fst01411628</subfield></datafield><datafield ind1="2" ind2=" " tag="710"><subfield code="a">Cornell University.</subfield><subfield code="b">Libraries.</subfield></datafield><datafield ind1="0" ind2=" " tag="730"><subfield code="a">Arabic Collections Online.</subfield></datafield><datafield ind1="0" ind2="8" tag="776"><subfield code="i">Online version:</subfield><subfield code="a">Zayda&#772;n, Jirji&#772;, 1861-1914.</subfield><subfield code="t">Inqila&#772;b al-&#699;Uthma&#772;ni&#772;</subfield><subfield code="d">[S.l. : s.n], 1911 (al-Qa&#772;hirah : Mat&#803;ba&#699;at al-Hila&#772;l)</subfield><subfield code="w">(OCoLC)855509648</subfield></datafield><datafield ind1="0" ind2="8" tag="776"><subfield code="i">Print version:</subfield><subfield code="a">Zayda&#772;n, Jirji&#772;, 1861-1914.</subfield><subfield code="t">al-Inqila&#772;b al-&#699;Uthma&#772;ni&#772;</subfield><subfield code="w">(NIC)1676601</subfield><subfield code="w">(OCoLC)63979030</subfield></datafield><datafield ind1="1" ind2=" " tag="800"><subfield code="6">880-05</subfield><subfield code="a">Zayda&#772;n, Jirji&#772;,</subfield><subfield code="d">1861-1914.</subfield><subfield code="t">Riwa&#772;ya&#772;t ta&#772;ri&#772;kh al-Isla&#772;m.</subfield></datafield><datafield ind1="4" ind2="0" tag="856"><subfield code="u">http://hdl.handle.net/2333.1/0vt4bbmw</subfield></datafield><datafield ind1="1" ind2=" " tag="880"><subfield code="6">100-01/r</subfield><subfield code="a">&#1586;&#1610;&#1583;&#1575;&#1606;&#1548; &#1580;&#1585;&#1580;&#1610;&#1548;</subfield><subfield code="d">1861-1914.</subfield></datafield><datafield ind1="1" ind2="2" tag="880"><subfield code="6">245-02/r</subfield><subfield code="a">&#1575;&#1604;&#1575;&#1606;&#1602;&#1604;&#1575;&#1576; &#1575;&#1604;&#1593;&#1579;&#1605;&#1575;&#1606;&#1610; :</subfield><subfield code="b">&#1585;&#1608;&#1575;&#1610;&#1577; &#1594;&#1585;&#1575;&#1605;&#1610;&#1577; &#1578;&#1575;&#1585;&#1610;&#1582;&#1610;&#1577; /</subfield><subfield code="c">&#1578;&#1571;&#1604;&#1610;&#1601; &#1580;&#1585;&#1580;&#1610; &#1586;&#1610;&#1583;&#1575;&#1606;.</subfield></datafield><datafield ind1=" " ind2=" " tag="880"><subfield code="6">260-03/r</subfield><subfield code="a">[S.l. :</subfield><subfield code="b">s.n],</subfield><subfield code="c">1911   (&#1575;&#1604;&#1602;&#1575;&#1607;&#1585;&#1577; :</subfield><subfield code="f">&#1605;&#1591;&#1576;&#1593;&#1577; &#1575;&#1604;&#1607;&#1604;&#1575;&#1604;)</subfield></datafield><datafield ind1="1" ind2=" " tag="880"><subfield code="6">490-04/r</subfield><subfield code="a">&#1587;&#1604;&#1587;&#1604;&#1577; &#1585;&#1608;&#1575;&#1610;&#1575;&#1578; &#1578;&#1575;&#1585;&#1610;&#1582; &#1575;&#1604;&#1575;&#1587;&#1604;&#1575;&#1605;</subfield></datafield><datafield ind1="1" ind2=" " tag="880"><subfield code="6">800-05/r</subfield><subfield code="a">&#1586;&#1610;&#1583;&#1575;&#1606;&#1548; &#1580;&#1585;&#1580;&#1610;&#1548;</subfield><subfield code="d">1861-1914.</subfield><subfield code="t">&#1585;&#1608;&#1575;&#1610;&#1575;&#1578; &#1578;&#1575;&#1585;&#1610;&#1582; &#1575;&#1604;&#1575;&#1587;&#1604;&#1575;&#1605;.</subfield></datafield><datafield ind1=" " ind2=" " tag="959"><subfield code="a">NNU</subfield><subfield code="b">WEB</subfield><subfield code="c">GENI</subfield><subfield code="t">0</subfield><subfield code="m">Electronic access</subfield><subfield code="s">01</subfield></datafield><datafield ind1=" " ind2=" " tag="999"><subfield code="i">NIC_1676601</subfield><subfield code="o">(OCoLC)ocm63979030</subfield><subfield code="s">cornell_aco000018</subfield></datafield></record>